<record><leader>00000cas a22000007a 4500</leader><controlfield tag="001">28738686</controlfield><controlfield tag="008">930902d19071921nmuwr ne      0   a0eng d</controlfield><controlfield tag="009">15302</controlfield><datafield ind1=" " ind2=" " tag="010"><subfield code="a">sn 93061711 </subfield></datafield><datafield ind1=" " ind2=" " tag="040"><subfield code="a">NVM</subfield><subfield code="b">eng</subfield><subfield code="c">NVM</subfield><subfield code="d">OCLCQ</subfield><subfield code="d">DLC</subfield><subfield code="d">OCLCF</subfield></datafield><datafield ind1=" " ind2=" " tag="012"><subfield code="l">a</subfield></datafield><datafield ind1="0" ind2=" " tag="022"><subfield code="a">2166-9627</subfield><subfield code="2">1</subfield></datafield><datafield ind1="1" ind2=" " tag="029"><subfield code="a">AU@</subfield><subfield code="b">000023610270</subfield></datafield><datafield ind1=" " ind2=" " tag="042"><subfield code="a">msc</subfield><subfield code="a">nsdp</subfield></datafield><datafield ind1=" " ind2=" " tag="043"><subfield code="a">n-us-nm</subfield></datafield><datafield ind1="0" ind2="0" tag="050"><subfield code="a">Newspaper</subfield></datafield><datafield ind1="1" ind2="0" tag="082"><subfield code="a">071</subfield><subfield code="2">14</subfield></datafield><datafield ind1=" " ind2="4" tag="222"><subfield code="a">The Tucumcari news and Tucumcari times</subfield></datafield><datafield ind1="0" ind2="4" tag="245"><subfield code="a">The Tucumcari news and Tucumcari times.</subfield></datafield><datafield ind1=" " ind2=" " tag="260"><subfield code="a">Tucumcari, N.M. :</subfield><subfield code="b">The Tucumcari Print. Co.</subfield></datafield><datafield ind1=" " ind2=" " tag="300"><subfield code="a">v.</subfield></datafield><datafield ind1=" " ind2=" " tag="310"><subfield code="a">Weekly</subfield></datafield><datafield ind1="0" ind2=" " tag="362"><subfield code="a">Vol. 4, no. 14 (Jan. 19, 1907)-v. 19, no. 15 (Jan. 6, 1921).</subfield></datafield><datafield ind1=" " ind2=" " tag="530"><subfield code="a">Also on microfilm: El Paso, Tex. : Southwest Micropublishing, Inc.</subfield></datafield><datafield ind1=" " ind2=" " tag="530"><subfield code="a">Archived issues are available in digital format as part of the Library of Congress Chronicling America online collection.</subfield></datafield><datafield ind1=" " ind2="0" tag="651"><subfield code="a">Tucumcari (N.M.)</subfield><subfield code="v">Newspapers.</subfield></datafield><datafield ind1=" " ind2="0" tag="651"><subfield code="a">Quay County (N.M.)</subfield><subfield code="v">Newspapers.</subfield></datafield><datafield ind1=" " ind2="7" tag="655"><subfield code="a">Newspapers.</subfield><subfield code="2">fast</subfield><subfield code="0">(OCoLC)fst01423814</subfield></datafield><datafield ind1=" " ind2="7" tag="651"><subfield code="a">New Mexico</subfield><subfield code="z">Quay County.</subfield><subfield code="2">fast</subfield><subfield code="0">(OCoLC)fst01215726</subfield></datafield><datafield ind1=" " ind2="7" tag="651"><subfield code="a">New Mexico</subfield><subfield code="z">Tucumcari.</subfield><subfield code="2">fast</subfield><subfield code="0">(OCoLC)fst01231814</subfield></datafield><datafield ind1=" " ind2=" " tag="752"><subfield code="a">United States</subfield><subfield code="b">New Mexico</subfield><subfield code="c">Quay</subfield><subfield code="d">Tucumcari.</subfield></datafield><datafield ind1="0" ind2="4" tag="780"><subfield code="t">Tucumcari news (Tucumcari, N.M. : 1905)</subfield><subfield code="x">2166-9619</subfield><subfield code="w">(DLC)sn 93061709</subfield><subfield code="w">(OCoLC)28738673</subfield></datafield><datafield ind1="0" ind2="4" tag="780"><subfield code="t">Tucumcari times</subfield><subfield code="w">(DLC)sn 93061710</subfield><subfield code="w">(OCoLC)28738681</subfield></datafield><datafield ind1="0" ind2="7" tag="785"><subfield code="t">Tucumcari sun</subfield><subfield code="w">(DLC)sn 93061712</subfield><subfield code="w">(OCoLC)28738692</subfield></datafield><datafield ind1="0" ind2="7" tag="785"><subfield code="t">Tucumcari news, Tucumcari times, Tucumcari sun</subfield><subfield code="w">(DLC)sn 93061713</subfield><subfield code="w">(OCoLC)28738698</subfield></datafield><datafield ind1="4" ind2="1" tag="856"><subfield code="u">http://www.loc.gov/chroniclingamerica/lccn/sn93061711/issues</subfield></datafield></record>